<?xml version="1.0" encoding="UTF-8"?><record xmlns="http://www.loc.gov/MARC21/slim" xmlns:cinclude="http://apache.org/cocoon/include/1.0" xmlns:zs="http://www.loc.gov/zing/srw/">
  <leader>00650cz  a2200157n  4500</leader>
  <controlfield tag="001">n  83016310 </controlfield>
  <controlfield tag="003">DLC</controlfield>
  <controlfield tag="005">20081220075611.0</controlfield>
  <controlfield tag="008">830504n| acannaabn          |a ana     c</controlfield>
  <datafield tag="010" ind1=" " ind2=" ">
    <subfield code="a">n  83016310 </subfield>
  </datafield>
  <datafield tag="035" ind1=" " ind2=" ">
    <subfield code="a">(OCoLC)oca00910004</subfield>
  </datafield>
  <datafield tag="040" ind1=" " ind2=" ">
    <subfield code="a">DGPO</subfield>
    <subfield code="b">eng</subfield>
    <subfield code="c">DLC</subfield>
    <subfield code="d">OCoLC</subfield>
  </datafield>
  <datafield tag="110" ind1="2" ind2=" ">
    <subfield code="a">Peace Corps (U.S.).</subfield>
    <subfield code="b">Regional Training Resource Office</subfield>
  </datafield>
  <datafield tag="410" ind1="2" ind2=" ">
    <subfield code="a">Regional Training Resource Office (Peace Corps (U.S.))</subfield>
  </datafield>
  <datafield tag="670" ind1=" " ind2=" ">
    <subfield code="a">Engelberg, G. An expanded collection ... 1978 (a.e.)</subfield>
    <subfield code="b">t.p. (Regional Training Resource Office, Dakar, Senegal)</subfield>
  </datafield>
  <datafield tag="670" ind1=" " ind2=" ">
    <subfield code="a">Phone call to Peace Corps Library 2/18/83</subfield>
    <subfield code="b">(Regional Training Resource Office is administered by the Peace Corps)</subfield>
  </datafield>
</record>